@inproceedings{reisinger:naacl10,
title={Multi-Prototype Vector-Space Models of Word Meaning},
author={Joseph Reisinger and Raymond J. Mooney},
booktitle={Proceedings of the 11th Annual Conference of the North American Chapter of the Association for Computational Linguistics (NAACL-2010)},
pages={109-117},
url="http://www.cs.utexas.edu/users/ai-lab/?reisinger:naacl10",
year={2010}
}

@InProceedings{saluja:2014:ACL2014,
  author    = {Saluja, Avneesh and Hassan, Hany and Toutanova, Kristina and Quirk, Chris},
  title     = {Graph-based Semi-Supervised Learning of Translation Models from Monolingual Data},
  booktitle = {Proceedings of the 52nd Annual Meeting of the Association for Computational Linguistics (Volume 1: Long Papers)},
  month     = {June},
  year      = {2014},
  address   = {Baltimore, Maryland, USA},
  publisher = {Association for Computational Linguistics},
}

@incollection{Bengio+al-ssl-2006,
 author = {Yoshua Bengio and Olivier Delalleau and Nicolas {Le Roux}},
 title = {Label Propagation and Quadratic Criterion},
 booktitle = {Semi-Supervised Learning},
 editor = {Olivier Chapelle and Bernhard Sch{\"o}lkopf and Alexander Zien},
 pages = {193--216},
 year = 2006,
 publisher = {{MIT} Press}
}

@inproceedings{Yu:2014,
Author = {Mo Yu and Mark Dredze},
Booktitle = {Association for Computational Linguistics (ACL)},
Date-Added = {2014-04-18 02:58:45 +0000},
Date-Modified = {2014-04-18 02:59:06 +0000},
Title = {Improving Lexical Embeddings with Semantic Knowledge},
Year = {2014}
}

@article{hermann2014multilingual,
  title={Multilingual Models for Compositional Distributed Semantics},
  author={Hermann, Karl Moritz and Blunsom, Phil},
  journal={arXiv preprint arXiv:1404.4641},
  year={2014}
}

@article{agirre:2013,
  title={Random Walks for Knowledge-Based Word Sense Disambiguation},
  author={Agirre, Eneko and de Lacalle, Oier Lopez and Soroa, Aitor},
  year={2013},
  publisher={MIT Press}
}

@MISC{Carpenter08lazysparse,
    author = {Bob Carpenter},
    title = {Lazy sparse stochastic gradient descent for regularized multinomial logistic regression. Technical report, Alias-i. Available at http://lingpipe-blog.com/ lingpipe-white-papers},
    year = {2008}
}

@inproceedings{Hassan:2009:CSR:1699648.1699665,
 author = {Hassan, Samer and Mihalcea, Rada},
 title = {Cross-lingual Semantic Relatedness Using Encyclopedic Knowledge},
 booktitle = {Proceedings of the 2009 Conference on Empirical Methods in Natural Language Processing: Volume 3 - Volume 3},
 series = {EMNLP '09},
 year = {2009},
 isbn = {978-1-932432-63-3},
 location = {Singapore},
 pages = {1192--1201},
 numpages = {10},
 url = {http://dl.acm.org/citation.cfm?id=1699648.1699665},
 acmid = {1699665},
 publisher = {Association for Computational Linguistics},
 address = {Stroudsburg, PA, USA},
} 

@inproceedings{Gurevych:2005:USC:2145899.2145986,
 author = {Gurevych, Iryna},
 title = {Using the Structure of a Conceptual Network in Computing Semantic Relatedness},
 booktitle = {Proceedings of the Second International Joint Conference on Natural Language Processing},
 series = {IJCNLP'05},
 year = {2005},
 isbn = {3-540-29172-5, 978-3-540-29172-5},
 location = {Jeju Island, Korea},
 pages = {767--778},
 numpages = {12},
 url = {http://dx.doi.org/10.1007/11562214_67},
 doi = {10.1007/11562214_67},
 acmid = {2145986},
 publisher = {Springer-Verlag},
 address = {Berlin, Heidelberg},
} 

@inproceedings{Joubarne:2011:CSS:2018192.2018218,
 author = {Joubarne, Colette and Inkpen, Diana},
 title = {Comparison of Semantic Similarity for Different Languages Using the Google N-gram Corpus and Second- Order Co-occurrence Measures},
 booktitle = {Proceedings of the 24th Canadian Conference on Advances in Artificial Intelligence},
 series = {Canadian AI'11},
 year = {2011},
 isbn = {978-3-642-21042-6},
 location = {St. John's, Canada},
 pages = {216--221},
 numpages = {6},
 url = {http://dl.acm.org/citation.cfm?id=2018192.2018218},
 acmid = {2018218},
 publisher = {Springer-Verlag},
 address = {Berlin, Heidelberg},
} 

@inproceedings{deMeloWeikum2009,
  author    = {Gerard de Melo and Gerhard Weikum},
  title     = {Towards a Universal Wordnet by Learning from Combined Evidence},
  booktitle = {Proceedings of the 18th ACM Conference on Information and Knowledge Management (CIKM 2009)},
  publisher = {ACM},
  year      = {2009},
  isbn = {978-1-60558-512-3},
  pages = {513--522},
  location = {Hong Kong, China},
  doi = {http://doi.acm.org/10.1145/1645953.1646020},
  address = {New York, NY, USA},
}

@article{10.1109/TPAMI.2007.70765,
author = {Mark Culp and George Michailidis},
title = {Graph-Based Semisupervised Learning},
journal ={IEEE Transactions on Pattern Analysis and Machine Intelligence},
volume = {30},
number = {1},
issn = {0162-8828},
year = {2008},
pages = {174-179},
doi = {http://doi.ieeecomputersociety.org/10.1109/TPAMI.2007.70765},
publisher = {IEEE Computer Society},
address = {Los Alamitos, CA, USA},
}

@inproceedings{Goldberg:2006:SSA:1654758.1654769,
 author = {Goldberg, Andrew B. and Zhu, Xiaojin},
 title = {Seeing Stars when There Aren'T Many Stars: Graph-based Semi-supervised Learning for Sentiment Categorization},
 booktitle = {Proceedings of the First Workshop on Graph Based Methods for Natural Language Processing},
 series = {TextGraphs-1},
 year = {2006},
 pages = {45--52},
 numpages = {8},
 url = {http://dl.acm.org/citation.cfm?id=1654758.1654769},
 acmid = {1654769},
 publisher = {Association for Computational Linguistics},
 address = {Stroudsburg, PA, USA},
} 

@article{Krahmer:2003:GGR:778822.778825,
 author = {Krahmer, Emiel and van Erk, Sebastiaan and Verleg, Andr{\'e}},
 title = {Graph-based Generation of Referring Expressions},
 journal = {Comput. Linguist.},
 issue_date = {March 2003},
 volume = {29},
 number = {1},
 month = mar,
 year = {2003},
 issn = {0891-2017},
 pages = {53--72},
 numpages = {20},
 url = {http://dx.doi.org/10.1162/089120103321337430},
 doi = {10.1162/089120103321337430},
 acmid = {778825},
 publisher = {MIT Press},
 address = {Cambridge, MA, USA},
} 


@inproceedings{Biemann:2006:CWE:1654758.1654774,
 author = {Biemann, Chris},
 title = {Chinese Whispers: An Efficient Graph Clustering Algorithm and Its Application to Natural Language Processing Problems},
 booktitle = {Proceedings of the First Workshop on Graph Based Methods for Natural Language Processing},
 series = {TextGraphs-1},
 year = {2006},
 pages = {73--80},
 numpages = {8},
 url = {http://dl.acm.org/citation.cfm?id=1654758.1654774},
 acmid = {1654774},
 publisher = {Association for Computational Linguistics},
 address = {Stroudsburg, PA, USA},
} 

@inproceedings{Alexandrescu:2009:GLS:1620754.1620772,
 author = {Alexandrescu, Andrei and Kirchhoff, Katrin},
 title = {Graph-based Learning for Statistical Machine Translation},
 booktitle = {Proceedings of Human Language Technologies: The 2009 Annual Conference of the North American Chapter of the Association for Computational Linguistics},
 series = {NAACL '09},
 year = {2009},
 isbn = {978-1-932432-41-1},
 location = {Boulder, Colorado},
 pages = {119--127},
 numpages = {9},
 url = {http://dl.acm.org/citation.cfm?id=1620754.1620772},
 acmid = {1620772},
 publisher = {Association for Computational Linguistics},
 address = {Stroudsburg, PA, USA},
} 

@inproceedings{Lang:2011:USR:2145432.2145571,
 author = {Lang, Joel and Lapata, Mirella},
 title = {Unsupervised Semantic Role Induction with Graph Partitioning},
 booktitle = {Proceedings of the Conference on Empirical Methods in Natural Language Processing},
 series = {EMNLP '11},
 year = {2011},
 isbn = {978-1-937284-11-4},
 location = {Edinburgh, United Kingdom},
 pages = {1320--1331},
 numpages = {12},
 url = {http://dl.acm.org/citation.cfm?id=2145432.2145571},
 acmid = {2145571},
 publisher = {Association for Computational Linguistics},
 address = {Stroudsburg, PA, USA},
} 

@inproceedings{Talukdar:2010:EGS:1858681.1858830,
 author = {Talukdar, Partha Pratim and Pereira, Fernando},
 title = {Experiments in Graph-based Semi-supervised Learning Methods for Class-instance Acquisition},
 booktitle = {Proceedings of the 48th Annual Meeting of the Association for Computational Linguistics},
 series = {ACL '10},
 year = {2010},
 location = {Uppsala, Sweden},
 pages = {1473--1481},
 numpages = {9},
 url = {http://dl.acm.org/citation.cfm?id=1858681.1858830},
 acmid = {1858830},
 publisher = {Association for Computational Linguistics},
 address = {Stroudsburg, PA, USA},
} 


@inproceedings{Subramanya:2010:EGS:1870658.1870675,
 author = {Subramanya, Amarnag and Petrov, Slav and Pereira, Fernando},
 title = {Efficient Graph-based Semi-supervised Learning of Structured Tagging Models},
 booktitle = {Proceedings of the 2010 Conference on Empirical Methods in Natural Language Processing},
 series = {EMNLP '10},
 year = {2010},
 location = {Cambridge, Massachusetts},
 pages = {167--176},
 numpages = {10},
 url = {http://dl.acm.org/citation.cfm?id=1870658.1870675},
 acmid = {1870675},
 publisher = {Association for Computational Linguistics},
 address = {Stroudsburg, PA, USA},
} 

@phdthesis{Zhu:2005:SLG:1104523,
 author = {Zhu, Xiaojin},
 title = {Semi-supervised Learning with Graphs},
 year = {2005},
 isbn = {0-542-19059-1},
 note = {AAI3179046},
 publisher = {Carnegie Mellon University},
 address = {Pittsburgh, PA, USA},
} 

@article{fillmore-ua-2003,
  added-at = {2013-04-01T20:56:37.000+0200},
  author = {Fillmore, Charles and Johnson, Christopher and Petruck, Miriam},
  doi = {10.1093/ijl/16.3.235},
  journal = {International Journal of Lexicography},
  keywords = {computational_linguistics},
  number = 3,
  pages = {235--250},
  timestamp = {2013-04-01T20:56:37.000+0200},
  title = {Background to Framenet},
  volume = 16,
  year = 2003
}

@inproceedings{Baker:1998:BFP:980845.980860,
 author = {Baker, Collin F. and Fillmore, Charles J. and Lowe, John B.},
 title = {The Berkeley FrameNet Project},
 booktitle = {Proceedings of the 36th Annual Meeting of the Association for Computational Linguistics and 17th International Conference on Computational Linguistics - Volume 1},
 series = {ACL '98},
 year = {1998},
 location = {Montreal, Quebec, Canada},
 pages = {86--90},
 numpages = {5},
 url = {http://dx.doi.org/10.3115/980845.980860},
 doi = {10.3115/980845.980860},
 acmid = {980860},
 publisher = {Association for Computational Linguistics},
 address = {Stroudsburg, PA, USA}
}

@article{citeulike:1320251,
    author = {Huffman, David},
    citeulike-article-id = {1320251},
    citeulike-linkout-0 = {http://dx.doi.org/10.1109/jrproc.1952.273898},
    citeulike-linkout-1 = {http://ieeexplore.ieee.org/xpls/abs\_all.jsp?arnumber=4051119},
    day = {08},
    doi = {10.1109/jrproc.1952.273898},
    issn = {0096-8390},
    journal = {Proceedings of the IRE},
    keywords = {algorithms, compression, information-theory, redundancy},
    month = sep,
    number = {9},
    pages = {1098--1101},
    posted-at = {2008-02-26 19:21:13},
    priority = {3},
    title = {{A Method for the Construction of Minimum-Redundancy Codes}},
    url = {http://dx.doi.org/10.1109/jrproc.1952.273898},
    volume = {40},
    year = {1952}
}

@book{kindermann80mrf,
    author = {Kindermann, Ross and Snell, J. L.},
    citeulike-article-id = {2215987},
    citeulike-linkout-0 = {http://www.ams.org/online\_bks/conm1/},
    keywords = {mrf},
    posted-at = {2008-01-10 19:53:19},
    priority = {3},
    publisher = {AMS},
    title = {{Markov Random Fields and Their Applications}},
    url = {http://www.ams.org/online\_bks/conm1/},
    year = {1980}
}

@article{Lin:2001:DIR:973890.973894,
 author = {Lin, Dekang and Pantel, Patrick},
 title = {Discovery of Inference Rules for Question-answering},
 journal = {Nat. Lang. Eng.},
 issue_date = {December 2001},
 volume = {7},
 number = {4},
 month = dec,
 year = {2001},
 issn = {1351-3249},
 pages = {343--360},
 numpages = {18},
 url = {http://dx.doi.org/10.1017/S1351324901002765},
 doi = {10.1017/S1351324901002765},
 acmid = {973894},
 publisher = {Cambridge University Press},
 address = {New York, NY, USA},
} 

@article{Pado:2007:DCS:1268656.1268658,
 author = {Pad\'{o}, Sebastian and Lapata, Mirella},
 title = {Dependency-Based Construction of Semantic Space Models},
 journal = {Comput. Linguist.},
 issue_date = {June 2007},
 volume = {33},
 number = {2},
 month = jun,
 year = {2007},
 issn = {0891-2017},
 pages = {161--199},
 numpages = {39},
 url = {http://dx.doi.org/10.1162/coli.2007.33.2.161},
 doi = {10.1162/coli.2007.33.2.161},
 acmid = {1268658},
 publisher = {MIT Press},
 address = {Cambridge, MA, USA},
} 

@book{Salton:1971:SRS:1102022,
 author = {Salton, G.},
 title = {The SMART Retrieval System\&\#8212;Experiments in Automatic Document Processing},
 year = {1971},
 publisher = {Prentice-Hall, Inc.},
 address = {Upper Saddle River, NJ, USA},
} 

@MISC{Schütze95informationretrieval,
    author = {Hinrich Sch\"{u}tze and Jan O. Pedersen},
    title = {Information Retrieval Based on Word Senses},
    year = {1995}
}

@inproceedings{Mnih:2007:TNG:1273496.1273577,
 author = {Mnih, Andriy and Hinton, Geoffrey},
 title = {Three New Graphical Models for Statistical Language Modelling},
 booktitle = {Proceedings of the 24th International Conference on Machine Learning},
 series = {ICML '07},
 year = {2007},
 isbn = {978-1-59593-793-3},
 location = {Corvalis, Oregon},
 pages = {641--648},
 numpages = {8},
 url = {http://doi.acm.org/10.1145/1273496.1273577},
 doi = {10.1145/1273496.1273577},
 acmid = {1273577},
 publisher = {ACM},
 address = {New York, NY, USA},
} 

@incollection{NIPS2013_5165,
title = {Learning word embeddings efficiently with noise-contrastive estimation},
author = {Mnih, Andriy and Kavukcuoglu, Koray},
booktitle = {Advances in Neural Information Processing Systems 26},
editor = {C.J.C. Burges and L. Bottou and M. Welling and Z. Ghahramani and K.Q. Weinberger},
pages = {2265--2273},
year = {2013},
url = {http://papers.nips.cc/paper/5165-learning-word-embeddings-efficiently-with-noise-contrastive-estimation.pdf},
}

@inproceedings{Pang:2005:SSE:1219840.1219855,
 author = {Pang, Bo and Lee, Lillian},
 title = {Seeing Stars: Exploiting Class Relationships for Sentiment Categorization with Respect to Rating Scales},
 booktitle = {Proceedings of the 43rd Annual Meeting on Association for Computational Linguistics},
 series = {ACL '05},
 year = {2005},
 location = {Ann Arbor, Michigan},
 pages = {115--124},
 numpages = {10},
 url = {http://dx.doi.org/10.3115/1219840.1219855},
 doi = {10.3115/1219840.1219855},
 acmid = {1219855},
 publisher = {Association for Computational Linguistics},
 address = {Stroudsburg, PA, USA},
} 

@inproceedings{Socher-etal:2013,
  Location = {Seattle, WA},
  Author = {Socher, Richard  and  Perelygin, Alex  and  Wu, Jean  and  Chuang, Jason  and  Manning, Christopher D.  and  Ng, Andrew Y.  and  Potts, Christopher},
  Booktitle = {Proceedings of the 2013 Conference on {E}mpirical {M}ethods in {N}atural {L}anguage {P}rocessing},
  Month = {October},
  Publisher = {Association for Computational Linguistics},
  Address = {Stroudsburg, PA},
  Title = {Recursive Deep Models for Semantic Compositionality Over a Sentiment Treebank},
  Pages = {1631--1642},
  Year = {2013}}

@inproceedings{Luong-etal:conll13:morpho,
        Address = {Sofia, Bulgaria},
        Author = {Luong, Minh-Thang  and  Socher, Richard and Manning, Christopher D.},
        Booktitle = {CoNLL},
        Title = {Better Word Representations with Recursive Neural Networks for Morphology},
        Year = {2013}}

@InProceedings{faruqui-dyer:2014:EACL2014,
  author    = {Faruqui, Manaal  and  Dyer, Chris},
  title     = {Improving Vector Space Word Representations Using Multilingual Correlation},
  booktitle = {Proceedings of the 14th Conference of the European Chapter of the Association for Computational Linguistics},
  month     = {April},
  year      = {2014},
  address   = {Gothenburg, Sweden},
  publisher = {Association for Computational Linguistics}
}

@techreport{Duchi:EECS-2010-24,
    Author = {Duchi, John and Hazan, Elad and Singer, Yoram},
    Title = {Adaptive Subgradient Methods for Online Learning and Stochastic Optimization},
    Institution = {EECS Department, University of California, Berkeley},
    Year = {2010},
    Month = {Mar},
    URL = {http://www.eecs.berkeley.edu/Pubs/TechRpts/2010/EECS-2010-24.html},
    Number = {UCB/EECS-2010-24}
}

@inproceedings{szummer:2001,
  title={Partially labeled classification with Markov random walks},
  author={Szummer, Martin and Jaakkola, Tommi},
  booktitle={nips},
  pages={945--952},
  year={2001}
}

@inproceedings{mc:1991,
  title={Contextual correlates of semantic similarity},
  author={Miller, George and Charles, Walter},
  booktitle={Language and Cognitive Processes},
  pages={1-28},
  year={1991}
}

@inproceedings{baluja:2008,
  title={Video suggestion and discovery for youtube: taking random walks through the view graph},
  author={Baluja, Shumeet and Seth, Rohan and Sivakumar, D and Jing, Yushi and Yagnik, Jay and Kumar, Shankar and Ravichandran, Deepak and Aly, Mohamed},
  booktitle={Proceedings of the 17th international conference on World Wide Web},
  pages={895--904},
  year={2008},
  organization={ACM}
}

@inproceedings{subramanya:2009,
  title={Entropic Graph Regularization in Non-Parametric Semi-Supervised Classification.},
  author={Subramanya, Amarnag and Bilmes, Jeff A},
  booktitle={NIPS},
  pages={1803--1811},
  year={2009}
}

@inproceedings{zhu:2003,
  title={Semi-supervised learning using gaussian fields and harmonic functions},
  author={Zhu, Xiaojin and Ghahramani, Zoubin and Lafferty, John and others},
  booktitle={ICML},
  volume={3},
  pages={912--919},
  year={2003}
}

@inproceedings{corduneanu:2002,
  title={On information regularization},
  author={Corduneanu, Adrian and Jaakkola, Tommi},
  booktitle={Proceedings of the Nineteenth conference on Uncertainty in Artificial Intelligence},
  pages={151--158},
  year={2002},
  organization={Morgan Kaufmann Publishers Inc.}
}

@article{landauer:1997,
	Author = {Thomas K Landauer and Susan T. Dumais},
	Date-Added = {2013-04-05 02:08:53 +0000},
	Date-Modified = {2013-04-05 02:18:20 +0000},
	Journal = {Psychological review},
	Pages = {211--240},
	Title = {A solution to Plato's problem: The latent semantic analysis theory of acquisition, induction, and representation of knowledge},
	Year = {1997}}


@inproceedings{bruni:2012,
  title={Distributional semantics in technicolor},
  author={Bruni, Elia and Boleda, Gemma and Baroni, Marco and Tran, Nam-Khanh},
  booktitle={Proceedings of the 50th Annual Meeting of the Association for Computational Linguistics: Long Papers-Volume 1},
  pages={136--145},
  year={2012},
  organization={Association for Computational Linguistics}
}

@article{rubenstein:1965,
 author = {Rubenstein, Herbert and Goodenough, John B.},
 title = {Contextual Correlates of Synonymy},
 journal = {Commun. ACM},
 issue_date = {Oct. 1965},
 volume = {8},
 number = {10},
 month = oct,
 year = {1965},
 issn = {0001-0782},
 pages = {627--633},
 numpages = {7},
 publisher = {ACM},
 address = {New York, NY, USA},
}

@inproceedings{ganitkevitch2013ppdb, 
  title = {{PPDB}: The Paraphrase Database}, 
  author = {Ganitkevitch, Juri and {Van Durme}, Benjamin and 
    Callison-Burch, Chris}, 
  booktitle = {Proceedings of NAACL-HLT}, 
  pages = {758--764}, 
  month = {June},   year={2013}, 
  address = {Atlanta, Georgia}, 
  publisher = {Association for Computational Linguistics}, 
  url = {http://cs.jhu.edu/~ccb/publications/ppdb.pdf} 
}

@article{agirre:2001,
  title={Enriching WordNet concepts with topic signatures},
  author={Agirre, Eneko and Ansa, Olatz and Hovy, Eduard and Martinez, David},
  journal={arXiv preprint cs/0109031},
  year={2001}
}

@article{turney:2002,
	Author = {Peter D. Turney},
	Date-Added = {2013-04-16 23:29:47 +0000},
	Date-Modified = {2013-04-16 23:30:07 +0000},
	Journal = {CoRR},
	Title = {Mining the Web for Synonyms: PMI-IR versus LSA on TOEFL},
	Year = {2002}}


@inproceedings{finkelstein:2002,
	Author = {Finkelstein, Lev and Gabrilovich, Evgeniy and Matias, Yossi and Rivlin, Ehud and Solan, Zach and Wolfman, Gadi and Ruppin, Eytan},
	Booktitle = {ACM Transactions on Information Systems},
	Date-Added = {2013-04-16 23:26:43 +0000},
	Date-Modified = {2013-04-16 23:28:50 +0000},
	Month = {January},
	Number = {1},
	Pages = {116--131},
	Title = {Placing Search in Context: The Concept Revisited},
	Volume = {20},
	Year = {2002}}


@article{miller:1995,
  title={WordNet: a lexical database for English},
  author={Miller, George A},
  journal={Communications of the ACM},
  volume={38},
  number={11},
  pages={39--41},
  year={1995},
  publisher={ACM}
}

@InProceedings{schuhmacher:2014,
  author    = {Schuhmacher, Michael and Ponzetto, Simone Paolo},
  title     = {Knowledge-based Graph Document Modeling},
  booktitle = {Proceedings of WSDM},
  year      = {2014}
}

@article{gabrilovich:2009,
  title={Wikipedia-based semantic interpretation for natural language processing},
  author={Gabrilovich, Evgeniy and Markovitch, Shaul},
  journal={Journal of Artificial Intelligence Research},
  volume={34},
  number={2},
  pages={443},
  year={2009}
}

@article{andrews:2009,
  title={Integrating experiential and distributional data to learn semantic representations.},
  author={Andrews, Mark and Vigliocco, Gabriella and Vinson, David},
  journal={Psychological review},
  volume={116},
  number={3},
  pages={463},
  year={2009},
  publisher={American Psychological Association}
}

@inproceedings{bruni:2011,
  title={Distributional semantics from text and images},
  author={Bruni, Elia and Tran, Giang Binh and Baroni, Marco},
  booktitle={Proceedings of the GEMS 2011 Workshop on GEometrical Models of Natural Language Semantics},
  pages={22--32},
  year={2011},
  organization={Association for Computational Linguistics}
}

@incollection{alfonseca:2002,
  title={Extending a lexical ontology by a combination of distributional semantics signatures},
  author={Alfonseca, Enrique and Manandhar, Suresh},
  booktitle={Knowledge Engineering and Knowledge Management: Ontologies and the Semantic Web},
  pages={1--7},
  year={2002},
  publisher={Springer}
}

@inproceedings{das-smith12,
Author = {Das, Dipanjan and Smith, Noah A.},
Booktitle = {Proc. of NAACL-HLT},
Title = {Graph-Based Lexicon Expansion with Sparsity-Inducing Penalties},
Year = {2012}}

@InProceedings{das-smith:2011:ACL-HLT2011,
  author    = {Das, Dipanjan  and  Smith, Noah A.},
  title     = {Semi-Supervised Frame-Semantic Parsing for Unknown Predicates},
  booktitle = {Proc. of ACL},
  year      = {2011},
}

@InProceedings{das-petrov:2011:ACL-HLT2011,
  author    = {Das, Dipanjan  and  Petrov, Slav},
  title     = {Unsupervised Part-of-Speech Tagging with Bilingual Graph-Based Projections},
  booktitle = {Proc. of ACL},
  year      = {2011}
}


@inproceedings{Baroni:2010:NVA:1870658.1870773,
 author = {Baroni, Marco and Zamparelli, Roberto},
 title = {Nouns are vectors, adjectives are matrices: representing adjective-noun constructions in semantic space},
 booktitle = {Proceedings of the 2010 Conference on EMNLP},
 series = {EMNLP '10},
 year = {2010},
 location = {Cambridge, Massachusetts},
 pages = {1183--1193},
 numpages = {11},
 url = {http://dl.acm.org/citation.cfm?id=1870658.1870773},
 acmid = {1870773},
 publisher = {},
 address = {Stroudsburg, PA, USA},
} 

@article{Turney:2006:SSR:1174520.1174523,
 author = {Turney, Peter D.},
 title = {Similarity of Semantic Relations},
 journal = {Comput. Linguist.},
 issue_date = {September 2006},
 volume = {32},
 number = {3},
 month = sep,
 year = {2006},
 issn = {0891-2017},
 pages = {379--416},
 numpages = {38},
 url = {http://dx.doi.org/10.1162/coli.2006.32.3.379},
 doi = {10.1162/coli.2006.32.3.379},
 acmid = {1174523},
 publisher = {MIT Press},
 address = {Cambridge, MA, USA},
} 

@inproceedings{MnihTeh2012,
  title={A fast and simple algorithm for training neural probabilistic language models},
  author={Mnih, Andriy and Teh, Yee Whye},
  booktitle={Proceedings of the 29th International Conference on Machine Learning},
  pages={1751--1758},
  year={2012},
}

@INPROCEEDINGS{Morin05hierarchicalprobabilistic,
    author = {Frederic Morin and Yoshua Bengio},
    title = {Hierarchical probabilistic neural network language model},
    booktitle = {AISTATS’05},
    year = {2005},
    pages = {246--252},
    publisher = {}
}

@INPROCEEDINGS{Mnih08ascalable,
    author = {Andriy Mnih and Geoffrey Hinton},
    title = {A scalable hierarchical distributed language model},
    booktitle = {In NIPS},
    year = {2008}
}

@InProceedings{le-allauzen-yvon:2012:NAACL-HLT,
  author    = {Le, Hai-Son  and  Allauzen, Alexandre  and  Yvon, Fran\c{c}ois},
  title     = {Continuous Space Translation Models with Neural Networks},
  booktitle = {Proceedings of the 2012 NAACL},
  month     = {June},
  year      = {2012},
  address   = {Montr\'{e}al, Canada},
  publisher = {},
  pages     = {39--48},
  url       = {http://www.aclweb.org/anthology/N12-1005}
}

@inproceedings{boyd2009multilingual,
  title={Multilingual topic models for unaligned text},
  author={Boyd-Graber, Jordan and Blei, David M},
  booktitle={Proceedings of the Twenty-Fifth Conference on Uncertainty in Artificial Intelligence},
  pages={75--82},
  year={2009},
  organization={AUAI Press}
}

@inproceedings{Mimno:2009:PTM:1699571.1699627,
 author = {Mimno, David and Wallach, Hanna M. and Naradowsky, Jason and Smith, David A. and McCallum, Andrew},
 title = {Polylingual topic models},
 booktitle = {Proceedings of the 2009 EMNLP},
 series = {EMNLP '09},
 year = {2009},
 isbn = {978-1-932432-62-6},
 location = {Singapore},
 pages = {880--889},
 numpages = {10},
 url = {http://dl.acm.org/citation.cfm?id=1699571.1699627},
 acmid = {1699627},
 publisher = {},
 address = {Stroudsburg, PA, USA},
} 

@inproceedings{Sumita:2000:LTU:1075218.1075272,
 author = {Sumita, Eiichiro},
 title = {Lexical transfer using a vector-space model},
 booktitle = {Proceedings of the 38th ACL},
 series = {ACL '00},
 year = {2000},
 location = {Hong Kong},
 pages = {425--431},
 numpages = {7},
 url = {http://dx.doi.org/10.3115/1075218.1075272},
 doi = {10.3115/1075218.1075272},
 acmid = {1075272},
 publisher = {},
 address = {Stroudsburg, PA, USA},
} 


@inproceedings{Peirsman:2010:CIS:1857999.1858134,
 author = {Peirsman, Yves and Pad\'{o}, Sebastian},
 title = {Cross-lingual induction of selectional preferences with bilingual vector spaces},
 booktitle = {NAACL},
 series = {HLT '10},
 year = {2010},
 isbn = {1-932432-65-5},
 location = {Los Angeles, California},
 pages = {921--929},
 numpages = {9},
 url = {http://dl.acm.org/citation.cfm?id=1857999.1858134},
 acmid = {1858134},
 publisher = {},
 address = {Stroudsburg, PA, USA},
} 

@InProceedings{vulic-moens:2013:EMNLP,
  author    = {Vuli\'{c}, Ivan  and  Moens, Marie-Francine},
  title     = {A Study on Bootstrapping Bilingual Vector Spaces from Non-Parallel Data (and Nothing Else)},
  booktitle = {Proceedings of the 2013 Conference on EMNLP},
  month     = {October},
  year      = {2013},
  address   = {Seattle, Washington, USA},
  publisher = {},
  pages     = {1613--1624},
  url       = {http://www.aclweb.org/anthology/D13-1168}
}

@InProceedings{kalchbrenner-blunsom:2013:EMNLP,
  author    = {Kalchbrenner, Nal  and  Blunsom, Phil},
  title     = {Recurrent Continuous Translation Models},
  booktitle = {Proceedings of the 2013 Conference on EMNLP},
  month     = {October},
  year      = {2013},
  address   = {Seattle, Washington, USA},
  publisher = {},
  pages     = {1700--1709},
  url       = {http://www.aclweb.org/anthology/D13-1176}
}

@ARTICLE{Bullinaria07extractingsemantic,
    author = {John A. Bullinaria and Joseph P. Levy},
    title = {Extracting semantic representations from word co-occurrence statistics: A computational study},
    journal = {Behavior Research Methods},
    year = {2007},
    pages = {510--526}
}

@InProceedings{zhila-EtAl:2013:NAACL-HLT,
  author    = {Zhila, Alisa  and  Yih, Wen-tau  and  Meek, Christopher  and  Zweig, Geoffrey  and  Mikolov, Tomas},
  title     = {Combining Heterogeneous Models for Measuring Relational Similarity},
  booktitle = {Proceedings of the 2013 Conference of the NAACL},
  month     = {June},
  year      = {2013},
  address   = {Atlanta, Georgia},
  publisher = {},
  pages     = {1000--1009},
  url       = {http://www.aclweb.org/anthology/N13-1120}
}

@inproceedings{Collobert:2008:UAN:1390156.1390177,
 author = {Collobert, Ronan and Weston, Jason},
 title = {A unified architecture for natural language processing: deep neural networks with multitask learning},
 booktitle = {Proceedings of the 25th international conference on Machine learning},
 series = {ICML '08},
 year = {2008},
 isbn = {978-1-60558-205-4},
 location = {Helsinki, Finland},
 pages = {160--167},
 numpages = {8},
 url = {http://doi.acm.org/10.1145/1390156.1390177},
 doi = {10.1145/1390156.1390177},
 acmid = {1390177},
 publisher = {ACM},
 address = {New York, NY, USA},
} 


@ARTICLE{5415552, 
author={Tian Xia and Dacheng Tao and Tao Mei and Yongdong Zhang}, 
journal={Systems, Man, and Cybernetics, Part B: Cybernetics, IEEE Transactions on}, 
title={Multiview Spectral Embedding}, 
year={2010}, 
volume={40}, 
number={6}, 
pages={1438-1446},
doi={10.1109/TSMCB.2009.2039566}, 
ISSN={1083-4419},}

@inproceedings{DhillonFU11,
  added-at = {2012-03-23T00:00:00.000+0100},
  author = {Dhillon, Paramveer S. and Foster, Dean P. and Ungar, Lyle H.},
  biburl = {http://www.bibsonomy.org/bibtex/2ca0b2e17eae94c0c0a6dad537fe37267/dblp},
  booktitle = {NIPS},
  crossref = {conf/nips/2011},
  pages = {199-207},
  timestamp = {2012-03-23T00:00:00.000+0100},
  title = {Multi-View Learning of Word Embeddings via CCA.},
  url = {http://dblp.uni-trier.de/db/conf/nips/nips2011.html#DhillonFU11},
  year = 2011
}

@article {Dyvik:2004-04-01T00:00:00:0921-5034:311,
	author = "Dyvik, Helge",
	title = "Translations as semantic mirrors: from parallel corpus to wordnet",
	journal = "Language and Computers",
	volume = "49",
	number = "1",
	year = "2004",
	pages = "311-326",
	url = "http://www.ingentaconnect.com/content/rodopi/lang/2004/00000049/00000001/art00018"
}


@article{hotelling:1936,
 year=1936,
 title={Relations Between Two Sets of Variates},
 journal={Biometrika},
 volume=28,
 number={3--4},
 pages={321-377},
 author={Harold Hotelling},
}

@InProceedings{zou-EtAl:2013:EMNLP,
  author    = {Zou, Will Y.  and  Socher, Richard  and  Cer, Daniel  and  Manning, Christopher D.},
  title     = {Bilingual Word Embeddings for Phrase-Based Machine Translation},
  booktitle = {Proceedings of the 2013 Conference on EMNLP},
  month     = {October},
  year      = {2013},
  address   = {Seattle, Washington, USA},
  publisher = {},
  pages     = {1393--1398},
  url       = {http://www.aclweb.org/anthology/D13-1141}
}

@InProceedings{chang-yih-meek:2013:EMNLP,
  author    = {Chang, Kai-Wei  and  Yih, Wen-tau  and  Meek, Christopher},
  title     = {Multi-Relational Latent Semantic Analysis},
  booktitle = {Proceedings of the 2013 Conference on EMNLP},
  month     = {October},
  year      = {2013},
  address   = {Seattle, Washington, USA},
  publisher = {},
  pages     = {1602--1612},
  url       = {http://www.aclweb.org/anthology/D13-1167}
}

@INPROCEEDINGS{Dumais95latentsemantic,
    author = {Susan T. Dumais},
    title = {Latent Semantic Indexing (LSI): TREC-3 Report},
    booktitle = {Overview of the Third Text REtrieval Conference},
    year = {1995},
    pages = {219--230}
}
 
@article{deerwester-90,
 author={S. C. Deerwester and S. T. Dumais and T. K. Landauer and G. W. Furnas and R. A. Harshman},
 year=1990,
 journal={Journal of the American Society for Information Science},
 title={Indexing by latent semantic analysis}
}

@article{harris-54,
 year=1954,
 author={Zellig Harris},
 title={Distributional structure},
 journal={Word},
 volume=10,
 number=23,
 pages={146--162}
}

@inproceedings{citeulike:379845,
    address = {New York, NY, USA},
    author = {Finkelstein, Lev and Gabrilovich, Evgeniy and Matias, Yossi and Rivlin, Ehud and Solan, Zach and Wolfman, Gadi and Ruppin, Eytan},
    booktitle = {WWW '01: Proceedings of the 10th international conference on World Wide Web},
    doi = {10.1145/371920.372094},
    isbn = {1581133480},
    keywords = {context, search},
    pages = {406--414},
    posted-at = {2007-10-21 20:09:07},
    priority = {0},
    publisher = {ACM Press},
    title = {{Placing search in context: the concept revisited}},
    year = {2001}
}

@article{mikolov2011rnnlm,
  title={RNNLM--Recurrent Neural Network Language Modeling Toolkit},
  author={Mikolov, Tomas and Kombrink, Stefan and Deoras, Anoop and Burget, Lukar and Cernock{\`y}, J},
  journal={Proc. of the 2011 ASRU Workshop},
  pages={196--201},
  year={2011}
}

@article{mikolov2010recurrent,
  title={Recurrent neural network based language model},
  author={Mikolov, Tomas and Karafi{\'a}t, Martin and Burget, Luk{\'a}{\v{s}} and Cernocky, Jan and Khudanpur, Sanjeev},
  journal={Proceedings of Interspeech},
  year={2010}
}

@book{Golub:1996:MC:248979,
 author = {Golub, Gene H. and Van Loan, Charles F.},
 title = {Matrix computations (3rd ed.)},
 year = {1996},
 isbn = {0-8018-5414-8},
 publisher = {Johns Hopkins University Press},
 address = {Baltimore, MD, USA},
} 

@inproceedings{Turney:2001:MWS:645328.650004,
 author = {Turney, Peter D.},
 title = {Mining the Web for Synonyms: PMI-IR versus LSA on TOEFL},
 booktitle = {Proceedings of the 12th European Conference on Machine Learning},
 series = {EMCL '01},
 year = {2001},
 isbn = {3-540-42536-5},
 pages = {491--502},
 numpages = {12},
 url = {http://dl.acm.org/citation.cfm?id=645328.650004},
 acmid = {650004},
 publisher = {Springer-Verlag},
 address = {London, UK, UK},
} 

@article{Church:1990:WAN:89086.89095,
 author = {Church, Kenneth Ward and Hanks, Patrick},
 title = {Word association norms, mutual information, and lexicography},
 journal = {Comput. Linguist.},
 issue_date = {March 1990},
 volume = {16},
 number = {1},
 month = mar,
 year = {1990},
 issn = {0891-2017},
 pages = {22--29},
 numpages = {8},
 url = {http://dl.acm.org/citation.cfm?id=89086.89095},
 acmid = {89095},
 publisher = {MIT Press},
 address = {Cambridge, MA, USA},
} 

@inproceedings{Baroni:2011:WBD:2140490.2140491,
 author = {Baroni, Marco and Lenci, Alessandro},
 title = {How we BLESSed distributional semantic evaluation},
 booktitle = {Proceedings of the GEMS 2011 Workshop on GEometrical Models of Natural Language Semantics},
 series = {GEMS '11},
 year = {2011},
 isbn = {978-1-937284-16-9},
 location = {Edinburgh, Scotland},
 pages = {1--10},
 numpages = {10},
 url = {http://dl.acm.org/citation.cfm?id=2140490.2140491},
 acmid = {2140491},
 publisher = {},
 address = {Stroudsburg, PA, USA},
} 

@InProceedings{mikolov-yih-zweig:2013:NAACL-HLT,
  author    = {Mikolov, Tomas  and  Yih, Wen-tau  and  Zweig, Geoffrey},
  title     = {Linguistic Regularities in Continuous Space Word Representations},
  booktitle = {Proceedings of the 2013 Conference of the NAACL: Human Language Technologies},
  month     = {June},
  year      = {2013},
  address   = {Atlanta, Georgia},
  publisher = {},
  pages     = {746--751},
  url       = {http://www.aclweb.org/anthology/N13-1090}
}

@book{citeulike:8703893,
    author = {Myers, Jerome L. and Well, Arnold D.},
     edition = {1},
    howpublished = {Hardcover},
    isbn = {0805820671},
    keywords = {books},
    month = jun,
    posted-at = {2011-01-29 09:46:04},
    priority = {2},
    publisher = {Routledge},
    title = {{Research Design \& Statistical Analysis}},
    year = {1995}
}

@inproceedings{Radinsky:2011:WTC:1963405.1963455,
 author = {Radinsky, Kira and Agichtein, Eugene and Gabrilovich, Evgeniy and Markovitch, Shaul},
 title = {A word at a time: computing word relatedness using temporal semantic analysis},
 booktitle = {Proceedings of the 20th international conference on World wide web},
 series = {WWW '11},
 year = {2011},
 isbn = {978-1-4503-0632-4},
 location = {Hyderabad, India},
 pages = {337--346},
 numpages = {10},
 url = {http://doi.acm.org/10.1145/1963405.1963455},
 doi = {10.1145/1963405.1963455},
 acmid = {1963455},
 publisher = {ACM},
 address = {New York, NY, USA},
 keywords = {semantic analysis, semantic similarity, temporal dynamics, temporal semantics, word relatedness},
} 

@article{citeulike:3749741,
    author = {van der Maaten, Laurens and Hinton, Geoffrey},
    citeulike-article-id = {3749741},
    citeulike-linkout-0 = {http://www.jmlr.org/papers/volume9/vandermaaten08a/vandermaaten08a.pdf},
    journal = {Journal of Machine Learning Research},
    keywords = {dimred},
    month = nov,
    pages = {2579--2605},
    posted-at = {2010-09-18 16:22:33},
    priority = {0},
    title = {{Visualizing Data using t-SNE}},
    url = {http://www.jmlr.org/papers/volume9/vandermaaten08a/vandermaaten08a.pdf},
    volume = {9},
    year = {2008}
}

@article{miller-91,
    author = {Miller, George A. and Charles, Walter G.},
    journal = {Language and Cognitive Processes},
    keywords = {miller-91, semantic-similarity},
    number = {1},
    pages = {1--28},
    posted-at = {2008-05-06 22:46:47},
    priority = {2},
    publisher = {Psychology Press},
    title = {{Contextual correlates of semantic similarity}},
    url = {http://dx.doi.org/10.1080/01690969108406936},
    volume = {6},
    year = {1991}
}

@article{Rubenstein:1965:CCS:365628.365657,
 author = {Rubenstein, Herbert and Goodenough, John B.},
 title = {Contextual correlates of synonymy},
 journal = {Commun. ACM},
 issue_date = {Oct. 1965},
 volume = {8},
 number = {10},
 month = oct,
 year = {1965},
 issn = {0001-0782},
 pages = {627--633},
 numpages = {7},
 url = {http://doi.acm.org/10.1145/365628.365657},
 doi = {10.1145/365628.365657},
 acmid = {365657},
 publisher = {ACM},
 address = {New York, NY, USA},
} 

@inproceedings{Baroni:2012:EAW:2380816.2380822,
 author = {Baroni, Marco and Bernardi, Raffaella and Do, Ngoc-Quynh and Shan, Chung-chieh},
 title = {Entailment above the word level in distributional semantics},
 booktitle = {Proceedings of the 13th Conference of the EACL},
 series = {EACL '12},
 year = {2012},
 isbn = {978-1-937284-19-0},
 location = {Avignon, France},
 pages = {23--32},
 numpages = {10},
 url = {http://dl.acm.org/citation.cfm?id=2380816.2380822},
 acmid = {2380822},
 publisher = {},
 address = {Stroudsburg, PA, USA},
}

@inproceedings{Agirre:2009:SSR:1620754.1620758,
 author = {Agirre, Eneko and Alfonseca, Enrique and Hall, Keith and Kravalova, Jana and Pa\c{s}ca, Marius and Soroa, Aitor},
 title = {A study on similarity and relatedness using distributional and WordNet-based approaches},
 booktitle = {Proceedings of NAACL},
 series = {NAACL '09},
 year = {2009},
 isbn = {978-1-932432-41-1},
 location = {Boulder, Colorado},
 pages = {19--27},
 numpages = {9},
 url = {http://dl.acm.org/citation.cfm?id=1620754.1620758},
 acmid = {1620758},
 publisher = {},
 address = {Stroudsburg, PA, USA},
}

@article{firth1957,
  added-at = {2010-09-10T17:06:28.000+0200},
  author = {Firth, J.R.},
  biburl = {http://www.bibsonomy.org/bibtex/25b0a766713221356e0a5b4cc2023b86a/glanebridge},
  interhash = {49b3d847512a3bff2a1d77cd5ea5391f},
  intrahash = {5b0a766713221356e0a5b4cc2023b86a},
  journal = {Studies in linguistic analysis},
  keywords = {distributional-hypothesis linguistics},
  pages = {1--32},
  publisher = {Oxford: Blackwell},
  timestamp = {2010-09-10T17:06:28.000+0200},
  title = {{A synopsis of linguistic theory 1930-1955}},
  year = 1957
}

@inproceedings{huang2012improving,
  title={Improving word representations via global context and multiple word prototypes},
  author={Huang, Eric H and Socher, Richard and Manning, Christopher D and Ng, Andrew Y},
  booktitle={Proceedings of the 50th ACL: Long Papers-Volume 1},
  pages={873--882},
  year={2012},
}


@InProceedings{faruqui-dyer:2013:Short,
  author    = {Faruqui, Manaal  and  Dyer, Chris},
  title     = {An Information Theoretic Approach to Bilingual Word Clustering},
  booktitle = {Proceedings of the 51st ACL (Volume 2: Short Papers)},
  month     = {August},
  year      = {2013},
  address   = {Sofia, Bulgaria},
  pages     = {777--783},
  url       = {http://www.aclweb.org/anthology/P13-2136}
}

@inproceedings{faruqui2010training,
  title={Training and Evaluating a German Named Entity Recognizer with Semantic Generalization},
  author={Faruqui, Manaal and Pad{\'o}, Sebastian},
  booktitle={Proceedings of KONVENS 2010},
  pages={129},
  year={2010},
}

@article{mikolov2013efficient,
  title={Efficient Estimation of Word Representations in Vector Space},
  author={Mikolov, Tomas and Chen, Kai and Corrado, Greg and Dean, Jeffrey},
  journal={arXiv preprint arXiv:1301.3781},
  year={2013}
}

@INPROCEEDINGS{Bannard05paraphrasingwith,
    author = {Colin Bannard and Chris Callison-Burch},
    title = {Paraphrasing with Bilingual Parallel Corpora},
    booktitle = {Proc. of ACL},
    year = {2005},
}

@ARTICLE{Turney10fromfrequency,
    author = {Peter D. Turney and Patrick Pantel},
    title = {From frequency to meaning : Vector space models of semantics},
    journal = {Journal of Artificial Intelligence Research},
    year = {2010},
    pages = {141--188}
}

@inproceedings{Das:2010:PFP:1857999.1858136,
 author = {Das, Dipanjan and Schneider, Nathan and Chen, Desai and Smith, Noah A.},
 title = {Probabilistic frame-semantic parsing},
 booktitle = {Proceedings of NAACL},
 year = {2010},
 isbn = {1-932432-65-5},
 location = {Los Angeles, California},
 numpages = {9},
 url = {http://dl.acm.org/citation.cfm?id=1857999.1858136},
}

@inproceedings{dyer:2013,
 year=2013,
 author={Chris Dyer and Victor Chahuneau and Noah A. Smith},
 title={A Simple, Fast, and Effective Reparameterization of {IBM~Model~2}},
 booktitle={Proc. NAACL}
}

@InProceedings{koo-08,
  author    = {Koo, Terry  and  Carreras, Xavier  and  Collins, Michael},
  title     = {Simple Semi-supervised Dependency Parsing},
  booktitle = {Proc. of ACL},
  year      = {2008},
}

@inproceedings{Yao:2012:EWS:2382029.2382131,
 author = {Yao, Xuchen and Van Durme, Benjamin and Callison-Burch, Chris},
 title = {Expectations of word sense in parallel corpora},
 booktitle = {Proceedings of the 2012 Conference of the NAACL: Human Language Technologies},
 series = {NAACL HLT '12},
 year = {2012},
 isbn = {978-1-937284-20-6},
 location = {Montreal, Canada},
 pages = {621--625},
 numpages = {5},
 url = {http://dl.acm.org/citation.cfm?id=2382029.2382131},
 acmid = {2382131},
 publisher = {},
 address = {Stroudsburg, PA, USA},
} 

@article{green2011entity,
  title={Entity Clustering Across Languages},
  author={Green, S. and Andrews, N. and Gormley, M.R. and Dredze, M. and Manning, C.D.},
  journal={NAACL},
  pages={591--599},
  year={2011},
  publisher={}
}

@incollection{meila:2003,
    author = {Meil\v{a}, Marina},
    citeulike-article-id = {3906686},
    citeulike-linkout-0 = {http://www.springerlink.com/content/rdda4r5bm9ajlbw3},
    booktitle = {Learning Theory and Kernel Machines},
    keywords = {clustering, evaluation, segmentation, validation},
    pages = {173--187},
    posted-at = {2009-01-19 02:07:24},
    priority = {2},
    title = {{Comparing Clusterings by the Variation of Information}},
    url = {http://www.springerlink.com/content/rdda4r5bm9ajlbw3},
    year = {2003}
}

@inproceedings{turian:2010,
 author = {Turian, Joseph and Ratinov, Lev and Bengio, Yoshua},
 title = {Word representations: a simple and general method for semi-supervised learning},
 booktitle = {Proceedings of the 48th ACL},
 series = {ACL '10},
 year = {2010},
 location = {Uppsala, Sweden},
 pages = {384--394},
 numpages = {11},
 url = {http://dl.acm.org/citation.cfm?id=1858681.1858721},
 acmid = {1858721},
 publisher = {},
 address = {Stroudsburg, PA, USA},
} 

@inproceedings{schwartz:2003,
 author={Lee Schwarz and Takako Aikawa and Chris Quirk},
 title={Disambiguation of English PP Attachment using Multilingual Aligned Data},
 year=2003,
 booktitle={Proc. MT-Summit},
}

@ARTICLE{Dempster77maximumlikelihood,
    author = {A. P. Dempster and N. M. Laird and D. B. Rubin},
    title = {Maximum likelihood from incomplete data via the EM algorithm},
    journal = {JOURNAL OF THE ROYAL STATISTICAL SOCIETY, SERIES B},
    year = {1977},
    volume = {39},
    number = {1},
    pages = {1--38}
}

@ARTICLE{hwa:bootstrapping,
AUTHOR = "Rebecca Hwa and Philip Resnik and Amy Weinberg and Clara I. Cabezas and Okan Kolak",
TITLE = "Bootstrapping parsers via syntactic projection across parallel texts",
JOURNAL = "Natural Language Engineering",
PAGES = {311-325},
YEAR = {2005},
  }

@inproceedings{citeulike:4815235,
    address = {Prague, Czech Republic},
    author = {Smith, David A. and Smith, Noah A.},
    booktitle = {Proceedings of the 2007 Joint Conference on EMNLP and Computational Natural Language Learning (EMNLP-CoNLL)},
    citeulike-article-id = {4815235},
    citeulike-linkout-0 = {http://www.aclweb.org/anthology-new/D/D07/D07-1014.bib},
    citeulike-linkout-1 = {http://www.aclweb.org/anthology-new/D/D07/D07-1014.pdf},
    keywords = {dependency-parsing, parsing, statistical},
    month = jun,
    pages = {132--140},
    posted-at = {2009-06-11 19:02:03},
    priority = {2},
    publisher = {},
    title = {{Probabilistic Models of Nonprojective Dependency Trees}},
    url = {http://www.aclweb.org/anthology-new/D/D07/D07-1014.bib},
    year = {2007}
}

@inproceedings{Cohen:2011:USP:2145432.2145439,
 author = {Cohen, Shay B. and Das, Dipanjan and Smith, Noah A.},
 title = {Unsupervised structure prediction with non-parallel multilingual guidance},
 booktitle = {Proceedings of the Conference on EMNLP},
 series = {EMNLP '11},
 year = {2011},
 isbn = {978-1-937284-11-4},
 location = {Edinburgh, United Kingdom},
 pages = {50--61},
 numpages = {12},
 url = {http://dl.acm.org/citation.cfm?id=2145432.2145439},
 acmid = {2145439},
 publisher = {},
 address = {Stroudsburg, PA, USA},
}

@inproceedings{Guo:2010:COM:1858681.1858837,
 author = {Guo, Weiwei and Diab, Mona},
 title = {Combining orthogonal monolingual and multilingual sources of evidence for all words WSD},
 booktitle = {Proceedings of the 48th ACL},
 series = {ACL '10},
 year = {2010},
 location = {Uppsala, Sweden},
 pages = {1542--1551},
 numpages = {10},
 url = {http://dl.acm.org/citation.cfm?id=1858681.1858837},
 acmid = {1858837},
 publisher = {},
 address = {Stroudsburg, PA, USA},
} 

@article{kirkpatrick:1983,
 author={Kirkpatrick, S. and Gelatt, C. D. and Vecchi, M. P.},
 year=1983,
 title={Optimization by Simulated Annealing},
 journal={Science},
 volume=220,
 number=4598,
 pages={671--680}
}

@MASTERSTHESIS{Och:1995,
 year=1995,
 author={Och, Franz Josef},
 title={{Maximum-Likelihood-Sch\"atzung} von {Wortkategorien} mit {Verfahren} der kombinatorischen {Optimierung}},
 SCHOOL = {University of Erlangen},
 type = {Studienarbeit},
}

@inproceedings{haghighi:2008,
 booktitle={Proc. of ACL},
 year=2008,
 author={Aria Haghighi and Percy Liang and Taylor Berg-Kirkpatrick and Dan Klein},
 title={Learning Bilingual Lexicons from Monolingual Corpora},
}

@book{haywood:1999,
 year=1999,
 author={J. A. Haywood and H. M. Nahmad},
 title={A new {Arabic} grammar of the written language},
 publisher={Lund Humphries Publishers},
}

@phdthesis{Diab:2003:WSD:997603,
 author = {Diab, Mona Talat},
 title = {Word sense disambiguation within a multilingual framework},
 year = {2003},
 note = {AAI3115805},
 school = {University of Maryland at College Park},
 address = {College Park, MD, USA},
} 

@inproceedings{Mimno:2009:PTM:1699571.1699627,
 author = {Mimno, David and Wallach, Hanna M. and Naradowsky, Jason and Smith, David A. and McCallum, Andrew},
 title = {Polylingual topic models},
 booktitle = {Proceedings of the 2009 Conference on EMNLP: Volume 2 - Volume 2},
 series = {EMNLP '09},
 year = {2009},
 isbn = {978-1-932432-62-6},
 location = {Singapore},
 pages = {880--889},
 numpages = {10},
 url = {http://dl.acm.org/citation.cfm?id=1699571.1699627},
 acmid = {1699627},
 publisher = {},
 address = {Stroudsburg, PA, USA},
} 

@inproceedings{Boyd-Graber:2009:MTM:1795114.1795124,
 author = {Boyd-Graber, Jordan and Blei, David M.},
 title = {Multilingual topic models for unaligned text},
 booktitle = {Proceedings of the Twenty-Fifth Conference on Uncertainty in Artificial Intelligence},
 series = {UAI '09},
 year = {2009},
 isbn = {978-0-9749039-5-8},
 location = {Montreal, Quebec, Canada},
 pages = {75--82},
 numpages = {8},
 url = {http://dl.acm.org/citation.cfm?id=1795114.1795124},
 acmid = {1795124},
 publisher = {AUAI Press},
 address = {Arlington, Virginia, United States},
} 


@article{Resnik:1999:DSD:973980.973981,
 author = {Resnik, Philip and Yarowsky, David},
 title = {Distinguishing systems and distinguishing senses: new evaluation methods for Word Sense Disambiguation},
 journal = {Nat. Lang. Eng.},
 issue_date = {June 1999},
 volume = {5},
 number = {2},
 month = jun,
 year = {1999},
 issn = {1351-3249},
 pages = {113--133},
 numpages = {21},
 url = {http://dx.doi.org/10.1017/S1351324999002211},
 doi = {10.1017/S1351324999002211},
 acmid = {973981},
 publisher = {Cambridge University Press},
 address = {New York, NY, USA},
} 

@Article{pado09:annotation,
  author = 	 {Sebastian Pad{\'o} and Mirella Lapata},
  title = 	 {Cross-lingual Annotation Projection of Semantic Roles},
  journal = 	 {Journal of Artificial Intelligence Research},
  volume = 36,
  pages = {307--340},
  year = 	 2009
}

@InProceedings{pado05:_cross,
  author = 	 {Sebastian Pad{\'o} and Mirella Lapata},
  title = 	 {Cross-lingual projection of role-semantic information},
  booktitle =	 {Proceedings of HLT/EMNLP 2005},
  year =	 2005,
  address =      {Vancouver, BC}
}

@article{Bentivogli:2005:EPT:1088141.1088143,
 author = {Bentivogli, L. and Pianta, E.},
 title = {Exploiting parallel texts in the creation of multilingual semantically annotated resources: the MultiSemCor Corpus},
 journal = {Nat. Lang. Eng.},
 issue_date = {September 2005},
 volume = {11},
 number = {3},
 month = sep,
 year = {2005},
 issn = {1351-3249},
 pages = {247--261},
 numpages = {15},
 url = {http://dx.doi.org/10.1017/S1351324905003839},
 doi = {10.1017/S1351324905003839},
 acmid = {1088143},
 publisher = {Cambridge University Press},
 address = {New York, NY, USA},
} 

@book{Brugmann1881,
  author = {Osthoff, Hermann and Brugmann, Karl},
  publisher = {Hirzel},
  title = {Morphologische Untersuchungen auf dem Gebiete der indogermanischen Sprachen},
  year = 1881
}

@book{Eco1995,
  added-at = {2010-12-10T12:01:38.000+0100},
  author = {Eco, Umberto},
  biburl = {http://www.bibsonomy.org/bibtex/23cab46374d136601ceaf8d940bad3b8f/voj},
  interhash = {2e489e242dcd0c72cf9ceec21faa5dc1},
  intrahash = {3cab46374d136601ceaf8d940bad3b8f},
  isbn = {0-631-17465-6},
  keywords = {language semiotics},
  publisher = {Blackwell},
  timestamp = {2010-12-10T12:01:38.000+0100},
  title = {The Search For The Perfect Language},
  year = 1995
}

@inproceedings{Yarowsky:2001:IMP:1073336.1073362,
 author = {Yarowsky, David and Ngai, Grace},
 title = {Inducing multilingual POS taggers and NP bracketers via robust projection across aligned corpora},
 booktitle = {Proceedings of the second meeting of the NAACL on Language technologies},
 series = {NAACL '01},
 year = {2001},
 location = {Pittsburgh, Pennsylvania},
 pages = {1--8},
 numpages = {8},
 url = {http://dx.doi.org/10.3115/1073336.1073362},
 doi = {10.3115/1073336.1073362},
 acmid = {1073362},
 publisher = {},
 address = {Stroudsburg, PA, USA},
}

@phdthesis{snyder-thesis10,
Author = {Snyder, Benjamin},
School = {Electrical Engineering and Computer Science, MIT},
Title = {Unsupervised Multilingual Learning},
Year = {2010}}

@inproceedings{SnyderB10,
  title = {Climbing the Tower of Babel: Unsupervised Multilingual Learning},
  author = {Benjamin Snyder and Regina Barzilay},
  year = {2010},
  doi = {http://www.icml2010.org/papers/905.pdf},
  researchr = {http://researchr.org/publication/SnyderB10},
  cites = {0},
  citedby = {0},
  pages = {29-36},
  booktitle = {Proceedings of the 27th International Conference on Machine Learning (ICML-10), June 21-24, 2010, Haifa, Israel},
  editor = {Johannes Fürnkranz and Thorsten Joachims},
  publisher = {Omnipress},
}

@ARTICLE{Naseem_multilingualpart-ofspeech,
    author = {Tahira Naseem and Benjamin Snyder and Jacob Eisenstein and Regina Barzilay},
    title = {Multilingual part-ofspeech tagging: two unsupervised approaches},
    journal = {Journal of Artificial Intelligence Research},
    year = {2009},
    pages = {1076--9757}
}

@inproceedings{Snyder:2008:CPM:1620163.1620204,
 author = {Snyder, Benjamin and Barzilay, Regina},
 title = {Cross-lingual propagation for morphological analysis},
 booktitle = {Proceedings of the 23rd national conference on Artificial intelligence - Volume 2},
 series = {AAAI'08},
 year = {2008},
 isbn = {978-1-57735-368-3},
 location = {Chicago, Illinois},
 pages = {848--854},
 numpages = {7},
 url = {http://dl.acm.org/citation.cfm?id=1620163.1620204},
 acmid = {1620204},
 publisher = {AAAI Press},
} 

@INPROCEEDINGS{Snyder08unsupervisedmultilingual,
    author = {Benjamin Snyder and Regina Barzilay},
    title = {Unsupervised multilingual learning for morphological segmentation},
    booktitle = {In The Annual Conference of the },
    year = {2008}
}

@inproceedings{Snyder:2008:UML:1613715.1613851,
 author = {Snyder, Benjamin and Naseem, Tahira and Eisenstein, Jacob and Barzilay, Regina},
 title = {Unsupervised multilingual learning for POS tagging},
 booktitle = {Proceedings of the Conference on EMNLP},
 series = {EMNLP '08},
 year = {2008},
 location = {Honolulu, Hawaii},
 pages = {1041--1050},
 numpages = {10},
 url = {http://dl.acm.org/citation.cfm?id=1613715.1613851},
 acmid = {1613851},
 publisher = {},
 address = {Stroudsburg, PA, USA}
 }


@inproceedings{Snyder:2009:AML:1620754.1620767,
 author = {Snyder, Benjamin and Naseem, Tahira and Eisenstein, Jacob and Barzilay, Regina},
 title = {Adding more languages improves unsupervised multilingual part-of-speech tagging: a Bayesian non-parametric approach},
 booktitle = {Proceedings of Human Language Technologies: The 2009 Annual Conference of the NAACL},
 series = {NAACL '09},
 year = {2009},
 isbn = {978-1-932432-41-1},
 location = {Boulder, Colorado},
 pages = {83--91},
 numpages = {9},
 url = {http://dl.acm.org/citation.cfm?id=1620754.1620767},
 acmid = {1620767},
 publisher = {},
 address = {Stroudsburg, PA, USA}
}

@inproceedings{Snyder:2009:UMG:1687878.1687890,
 author = {Snyder, Benjamin and Naseem, Tahira and Barzilay, Regina},
 title = {Unsupervised multilingual grammar induction},
 booktitle = {Proceedings of the Joint Conference of the 47th Annual Meeting of the ACL and the 4th International Joint Conference on Natural Language Processing of the AFNLP: Volume 1 - Volume 1},
 series = {ACL '09},
 year = {2009},
 isbn = {978-1-932432-45-9},
 location = {Suntec, Singapore},
 pages = {73--81},
 numpages = {9},
 url = {http://dl.acm.org/citation.cfm?id=1687878.1687890},
 acmid = {1687890},
 publisher = {},
 address = {Stroudsburg, PA, USA}
}

@inproceedings{cohen-11b,
    author = "Shay B. Cohen and Dipanjan Das and Noah A. Smith",
    title = "Unsupervised Structure Prediction with Non-Parallel Multilingual Guidance",
    booktitle = "Proc. of EMNLP",
    year = "2011"
}

@inproceedings{Och:1999:EMD:977035.977046,
 author = {Och, Franz Josef},
 title = {An efficient method for determining bilingual word classes},
 booktitle = {Proceedings of the ninth conference on EACL},
 series = {EACL '99},
 year = {1999},
 location = {Bergen, Norway},
 pages = {71--76},
 numpages = {6},
 url = {http://dx.doi.org/10.3115/977035.977046},
 doi = {10.3115/977035.977046},
 acmid = {977046},
 publisher = {},
 address = {Stroudsburg, PA, USA}
}

@article{das2011unsupervised,
  title={Unsupervised part-of-speech tagging with bilingual graph-based projections},
  author={Das, D. and Petrov, S.},
  journal={Proceedings of the },
  year={2011}
}

@article{DBLP:journals/corr/abs-1205-2657,
  author    = {Jordan L. Boyd-Graber and
               David M. Blei},
  title     = {Multilingual Topic Models for Unaligned Text},
  journal   = {CoRR},
  volume    = {abs/1205.2657},
  year      = {2012},
  ee        = {http://arxiv.org/abs/1205.2657},
  bibsource = {DBLP, http://dblp.uni-trier.de}
}


@INPROCEEDINGS{Zhao06bitam:bilingual,
    author = {Bing Zhao and Eric P. Xing},
    title = {Bitam: Bilingual topic admixture models for word alignment},
    booktitle = {In Proceedings of the 44th ACL (ACL’06},
    year = {2006}
}


@inproceedings{tackstrom2012cross,
  title={Cross-lingual Word Clusters for Direct Transfer of Linguistic Structure},
  author={T{\"a}ckstr{\"o}m, O. and McDonald, R. and Uszkoreit, J.},
  booktitle={The 2012 Conference of the NAACL: Human Language Technologies},
  volume={1},
  pages={11},
  year={2012},
  
}

@inproceedings{Zhao:2005:BWS:1654449.1654454,
 author = {Zhao, Bing and Xing, Eric P. and Waibel, Alex},
 title = {Bilingual word spectral clustering for statistical machine translation},
 booktitle = {Proceedings of the ACL Workshop on Building and Using Parallel Texts},
 series = {ParaText '05},
 year = {2005},
 location = {Ann Arbor, Michigan},
 pages = {25--32},
 numpages = {8},
 url = {http://dl.acm.org/citation.cfm?id=1654449.1654454},
 acmid = {1654454},
 publisher = {},
 address = {Stroudsburg, PA, USA}
}

@inproceedings{cettoloEtAl:EAMT2012,
        Address = {Trento, Italy},
        Author = {Mauro Cettolo and Christian Girardi and Marcello Federico},
        Booktitle = {Proceedings of the 16$^{th}$ Conference of the European Association for Machine Translation (EAMT)},
        Date = {28-30},
        Month = {May},
        Pages = {261--268},
        Title = {WIT$^3$: Web Inventory of Transcribed and Translated Talks},
        Year = {2012}}

@INPROCEEDINGS{Liang05semi-supervisedlearning,
    author = {Percy Liang},
    title = {Semi-supervised learning for natural language},
    booktitle = {MASTER’S THESIS, MIT},
    year = {2005},
    publisher = {}
}

@book{Manning:1999:FSN:311445,
 author = {Manning, Christopher D. and Sch\"{u}tze, Hinrich},
 title = {Foundations of statistical natural language processing},
 year = {1999},
 isbn = {0-262-13360-1},
 publisher = {MIT Press},
 address = {Cambridge, MA, USA},
} 

@ARTICLE{Dietterich98approximatestatistical,
    author = {Thomas G. Dietterich},
    title = {Approximate Statistical Tests for Comparing Supervised Classification Learning Algorithms},
    journal = {Neural Computation},
    year = {1998},
    volume = {10},
    pages = {1895--1923}
}

@inproceedings{Clark:2003:CDM:1067807.1067817,
 author = {Clark, Alexander},
 title = {Combining distributional and morphological information for part of speech induction},
 booktitle = {Proceedings of the tenth conference on EACL - Volume 1},
 series = {EACL '03},
 year = {2003},
 isbn = {1-333-56789-0},
 location = {Budapest, Hungary},
 pages = {59--66},
 numpages = {8},
 url = {http://dx.doi.org/10.3115/1067807.1067817},
 doi = {10.3115/1067807.1067817},
 acmid = {1067817},
 publisher = {},
 address = {Stroudsburg, PA, USA},
} 

@Book{lewis09:_ethnol,
  editor = 	 {M. Paul Lewis},
  title = 	 {Ethnologue -- Languages of the World},
  publisher = 	 {SIL International},
  year = 	 2009,
  edition = 	 {16th}
  }

@INPROCEEDINGS{Dyer10cdec:a,
    author = {Chris Dyer and Adam Lopez and Juri Ganitkevitch and Jonathan Weese and Hendra Setiawan and Ferhan Ture and Vladimir Eidelman and Phil Blunsom and Philip Resnik},
    title = {cdec: A decoder, alignment, and learning framework for finite-state and context-free translation models},
    booktitle = {In Proceedings of ACL System Demonstrations},
    year = {2010}
}

@ARTICLE{Hwa05bootstrappingparsers,
    author = {Rebecca Hwa and Philip Resnik and Amy Weinberg and Clara Cabezas and Okan Kolak},
    title = {Bootstrapping Parsers via Syntactic Projection across Parallel Texts},
    journal = {Natural Language Engineering},
    year = {2005},
    volume = {11},
    pages = {11--311}
}

@MISC{Schiehlen98learningtense,
    author = {Michael Schiehlen},
    title = {Learning tense translation from bilingual corpora},
    year = {1998}
}

@InProceedings{fraser:2009:WMT,
  author    = {Fraser, Alexander},
  title     = {Experiments in Morphosyntactic Processing for Translating to and from {G}erman},
  booktitle = {Proceedings of the Fourth Workshop on Statistical Machine Translation},
  month     = {March},
  year      = {2009},
  address   = {Athens, Greece},
  publisher = {},
  pages     = {115--119},
  url       = {http://www.aclweb.org/anthology/W09-0420}
}

@incollection{kneser-ney-91,
year={1993},
isbn={978-94-010-4777-7},
booktitle={Contributions to Quantitative Linguistics},
editor={K√∂hler, Reinhard and Rieger, BurghardB.},
doi={10.1007/978-94-011-1769-2_15},
title={Forming Word Classes by Statistical Clustering for Statistical Language Modelling},
url={http://dx.doi.org/10.1007/978-94-011-1769-2_15},
publisher={Springer Netherlands},
author={Kneser, Reinhard and Ney, Hermann},
pages={221-226},
language={English}
}
